<record><leader>00000cas a2200000 a 4500</leader><controlfield tag="001">4605934</controlfield><controlfield tag="008">790131d196419uuarumn ne      0   a0eng d</controlfield><datafield ind1=" " ind2=" " tag="010"><subfield code="a">sn 86014506 </subfield></datafield><datafield ind1=" " ind2=" " tag="040"><subfield code="a">AFU</subfield><subfield code="b">eng</subfield><subfield code="c">AFU</subfield><subfield code="d">NSD</subfield><subfield code="d">NST</subfield><subfield code="d">ANU</subfield><subfield code="d">OCL</subfield><subfield code="d">OCLCQ</subfield><subfield code="d">OCLCF</subfield><subfield code="d">OCLCO</subfield><subfield code="d">OCL</subfield></datafield><datafield ind1=" " ind2=" " tag="012"><subfield code="i">9008</subfield><subfield code="m">1</subfield></datafield><datafield ind1="0" ind2=" " tag="022"><subfield code="a">0518-6692</subfield><subfield code="l">0518-6692</subfield><subfield code="2">1</subfield></datafield><datafield ind1=" " ind2=" " tag="032"><subfield code="a">031680</subfield><subfield code="b">USPS</subfield></datafield><datafield ind1=" " ind2=" " tag="042"><subfield code="a">nsdp</subfield></datafield><datafield ind1="0" ind2=" " tag="130"><subfield code="a">Arkansas outlook (Little Rock, Ark.)</subfield></datafield><datafield ind1="0" ind2=" " tag="210"><subfield code="a">Ark. outl.</subfield><subfield code="b">(Little Rock, Ark. 1964)</subfield></datafield><datafield ind1=" " ind2="0" tag="222"><subfield code="a">Arkansas outlook</subfield><subfield code="b">(Little Rock. Ark. 1964)</subfield></datafield><datafield ind1="0" ind2="0" tag="245"><subfield code="a">Arkansas outlook.</subfield></datafield><datafield ind1=" " ind2=" " tag="260"><subfield code="a">Little Rock, Ark. :</subfield><subfield code="b">Arkansas Outlook</subfield></datafield><datafield ind1=" " ind2=" " tag="300"><subfield code="a">v.</subfield></datafield><datafield ind1=" " ind2=" " tag="310"><subfield code="a">Ten issues a year,</subfield><subfield code="b">&lt;Feb. 1986-&gt;</subfield></datafield><datafield ind1=" " ind2=" " tag="321"><subfield code="a">Monthly</subfield><subfield code="b">Dec. 1, 1964-Nov. 1970</subfield></datafield><datafield ind1=" " ind2=" " tag="321"><subfield code="a">Monthly (except Dec.)</subfield><subfield code="b">Jan. 1971-</subfield></datafield><datafield ind1=" " ind2=" " tag="321"><subfield code="a">Monthly (except Jan.)</subfield><subfield code="b">Feb. 1972</subfield></datafield><datafield ind1="0" ind2=" " tag="362"><subfield code="a">Vol. 1, no. 1 (Dec. 1, 1964)-</subfield></datafield><datafield ind1=" " ind2=" " tag="500"><subfield code="a">Published in North Little Rock, Ark., Mar. 1977-</subfield></datafield><datafield ind1=" " ind2=" " tag="550"><subfield code="a">Official publication of the Arkansas Republican Party.</subfield></datafield><datafield ind1="2" ind2="0" tag="610"><subfield code="a">Republican Party (Ark.)</subfield><subfield code="v">Newspapers.</subfield></datafield><datafield ind1=" " ind2="0" tag="651"><subfield code="a">Arkansas</subfield><subfield code="x">Politics and government</subfield><subfield code="v">Newspapers.</subfield></datafield><datafield ind1="2" ind2="7" tag="610"><subfield code="a">Republican Party (Ark.)</subfield><subfield code="2">fast</subfield><subfield code="0">(OCoLC)fst01791048</subfield></datafield><datafield ind1=" " ind2="7" tag="650"><subfield code="a">Politics and government</subfield><subfield code="2">fast</subfield><subfield code="0">(OCoLC)fst01919741</subfield></datafield><datafield ind1=" " ind2="7" tag="651"><subfield code="a">Arkansas.</subfield><subfield code="2">fast</subfield><subfield code="0">(OCoLC)fst01204809</subfield></datafield><datafield ind1=" " ind2="7" tag="655"><subfield code="a">Newspapers.</subfield><subfield code="2">fast</subfield><subfield code="0">(OCoLC)fst01423814</subfield></datafield><datafield ind1="2" ind2=" " tag="710"><subfield code="a">Republican Party (Ark.)</subfield></datafield><datafield ind1=" " ind2=" " tag="752"><subfield code="a">United States</subfield><subfield code="b">Arkansas</subfield><subfield code="c">Pulaski</subfield><subfield code="d">North Little Rock.</subfield></datafield><datafield ind1=" " ind2=" " tag="752"><subfield code="a">United States</subfield><subfield code="b">Arkansas</subfield><subfield code="c">Pulaski</subfield><subfield code="d">Little Rock.</subfield></datafield><datafield ind1=" " ind2=" " tag="850"><subfield code="a">ArU</subfield></datafield><datafield ind1=" " ind2=" " tag="936"><subfield code="a">Vol. 25, no. 1 (Feb. 1986) LIC</subfield></datafield><datafield ind1="1" ind2=" " tag="029"><subfield code="a">AU@</subfield><subfield code="b">000025823233</subfield></datafield></record>